@article{BuravlevNM18,
  author    = {Vitaly Buravlev and
               Rocco De Nicola and
               Claudio Antares Mezzina},
  title     = {Evaluating the efficiency of Linda implementations},
  journal   = {Concurr. Comput. Pract. Exp.},
  volume    = {30},
  number    = {8},
  year      = {2018},
  url       = {https://doi.org/10.1002/cpe.4381},
  doi       = {10.1002/cpe.4381},
  timestamp = {Sat, 09 Apr 2022 12:27:31 +0200},
  biburl    = {https://dblp.org/rec/journals/concurrency/BuravlevNM18.bib},
  bibsource = {dblp computer science bibliography, https://dblp.org}
}